<?xml version="1.0" encoding="UTF-8"?><collection xmlns="http://www.loc.gov/MARC21/slim"><record><leader>00447nam--2200181-u-4500</leader><controlfield tag="001">000053573</controlfield><controlfield tag="002">20161230</controlfield><controlfield tag="005">20161230201051</controlfield><controlfield tag="008">110428s1000------------r-----000-0-rus-d</controlfield><datafield ind1=" " ind2=" " tag="040"><subfield code="a">IFIN-HH</subfield></datafield><datafield ind1=" " ind2=" " tag="041"><subfield code="a">rus</subfield></datafield><datafield ind1=" " ind2=" " tag="080"><subfield code="a">535.35:621.375.826</subfield></datafield><datafield ind1="1" ind2=" " tag="100"><subfield code="a">Mashkevici, V.S</subfield></datafield><datafield ind1="1" ind2="0" tag="245"><subfield code="a">Kineticeskaia toeria lazerov</subfield><subfield code="c">V.s. mashkevici</subfield></datafield><datafield ind1=" " ind2=" " tag="260"><subfield code="a">Moskva</subfield><subfield code="b">Nauka</subfield><subfield code="c">1971</subfield></datafield><datafield ind1=" " ind2=" " tag="300"><subfield code="a">472P</subfield></datafield><datafield ind1=" " ind2=" " tag="852"><subfield code="a">75256</subfield><subfield code="c">535.37</subfield></datafield><datafield ind1=" " ind2=" " tag="CAT"><subfield code="a">Sys</subfield><subfield code="c">20110428</subfield><subfield code="h">145330</subfield></datafield></record></collection>